@book{tse1963mechanical,
  title={Mechanical vibrations},
  author={Tse, Francis Sing and Morse, Ivan E and Hinkle, Rolland Theodore},
  year={1963},
  publisher={Allyn and Bacon Boston}
}

@book{mori2017mechanical,
  title={Mechanical Vibrations: Applications to Equipment},
  author={Mori, Yvon},
  year={2017},
  publisher={John Wiley \& Sons}
}

@article{wada1972equivalent,
  title={EQUIVALENT SPRING-MASS SYSTEM: A PHTiSICAL INTERPRETATION},
  author={Wada, Bet K and Bamford, Robert and Labotatory, John A Jet PropuUion},
  journal={INFORMATION CENTER},
  pages={215},
  year={1972}
}

@article{keeve1998deformable,
  title={Deformable modeling of facial tissue for craniofacial surgery simulation},
  author={Keeve, Erwin and Girod, Sabine and Kikinis, Ron and Girod, Bernd},
  journal={Computer Aided Surgery: Official Journal of the International Society for Computer Aided Surgery (ISCAS)},
  volume={3},
  number={5},
  pages={228--238},
  year={1998},
  publisher={Wiley Online Library}
}

@inproceedings{tu1994artificial,
  title={Artificial fishes: Physics, locomotion, perception, behavior},
  author={Tu, Xiaoyuan and Terzopoulos, Demetri},
  booktitle={Proceedings of the 21st annual conference on Computer graphics and interactive techniques},
  pages={43--50},
  year={1994}
}

@inproceedings{provot1995deformation,
  title={Deformation constraints in a mass-spring model to describe rigid cloth behaviour},
  author={Provot, Xavier and others},
  booktitle={Graphics interface},
  pages={147--147},
  year={1995},
  organization={Canadian Information Processing Society}
}

@article{ji2006three,
  title={Three-dimensional garment simulation based on a mass-spring system},
  author={Ji, Feng and Li, Ruqin and Qiu, Yiping},
  journal={Textile Research Journal},
  volume={76},
  number={1},
  pages={12--17},
  year={2006},
  publisher={Sage Publications Sage CA: Thousand Oaks, CA}
}

@inproceedings{sorensen2007virtual,
  title={Virtual open heart surgery: Obtaining models suitable for surgical simulation},
  author={S{\o}rensen, Thomas Sangild and Stawiaski, Jean and Mosegaard, Jesper},
  booktitle={MMVR},
  pages={445--447},
  year={2007}
}

@article{mozafary2016study,
  title={Study and comparison techniques in fabric simulation using mass spring model},
  author={Mozafary, Vajiha and Payvandy, Pedram},
  journal={International Journal of Clothing Science and Technology},
  year={2016},
  publisher={Emerald Group Publishing Limited}
}

@article{baleanu2020new,
  title={A new generalization of the fractional Euler--Lagrange equation for a vertical mass-spring-damper},
  author={Baleanu, Dumitru and Ullah, Malik Zaka and Mallawi, Fouad and Saleh Alshomrani, Ali},
  journal={Journal of Vibration and Control},
  pages={1077546320961685},
  year={2020},
  publisher={SAGE Publications Sage UK: London, England}
}

@article{duan2014volume,
  title={Volume preserved mass--spring model with novel constraints for soft tissue deformation},
  author={Duan, Yuping and Huang, Weimin and Chang, Huibin and Chen, Wenyu and Zhou, Jiayin and Teo, Soo Kng and Su, Yi and Chui, Chee Kong and Chang, Stephen},
  journal={IEEE journal of biomedical and health informatics},
  volume={20},
  number={1},
  pages={268--280},
  year={2014},
  publisher={IEEE}
}

@article{suggs1969application,
  title={Application of a damped spring-mass human vibration simulator in vibration testing of vehicle seats},
  author={Suggs, CW and Abrams, CF and Stikeleather, LF},
  journal={Ergonomics},
  volume={12},
  number={1},
  pages={79--90},
  year={1969},
  publisher={Taylor \& Francis}
}

@article{levitan1960forced,
  title={Forced oscillation of a spring-mass system having combined Coulomb and viscous damping},
  author={Levitan, Edwin S},
  journal={the Journal of the Acoustical Society of America},
  volume={32},
  number={10},
  pages={1265--1269},
  year={1960},
  publisher={Acoustical Society of America}
}

@article{pellicer2004analysis,
  title={Analysis of a viscoelastic spring--mass model},
  author={Pellicer, M and Sola-Morales, J},
  journal={Journal of mathematical analysis and applications},
  volume={294},
  number={2},
  pages={687--698},
  year={2004},
  publisher={Elsevier}
}

@misc{Chapter427:online,
author = {},
title = {Chapter 4.pdf},
howpublished = {\url{https://www.reed.edu/physics/faculty/wheeler/documents/Sophmore%20Class%20Notes%202007/Chapter%204.pdf}},
month = {},
year = {},
note = {(Accessed on 02/21/2022)}
}

@article{grandmont2006viscoelastic,
  title={A viscoelastic model with non-local damping application to the human lungs},
  author={Grandmont, C{\'e}line and Maury, Bertrand and Meunier, Nicolas},
  journal={ESAIM: Mathematical Modelling and Numerical Analysis},
  volume={40},
  number={1},
  pages={201--224},
  year={2006},
  publisher={EDP Sciences}
}

@article{winfree1967biological,
  title={Biological rhythms and the behavior of populations of coupled oscillators},
  author={Winfree, Arthur T},
  journal={Journal of theoretical biology},
  volume={16},
  number={1},
  pages={15--42},
  year={1967},
  publisher={Elsevier}
}

@article{hannay2018macroscopic,
  title={Macroscopic models for networks of coupled biological oscillators},
  author={Hannay, Kevin M and Forger, Daniel B and Booth, Victoria},
  journal={Science advances},
  volume={4},
  number={8},
  pages={e1701047},
  year={2018},
  publisher={American Association for the Advancement of Science}
  }
  
@misc{Departme83:online,
author = {},
title = {Department of Physics at Harvey Mudd College},
howpublished = {\url{http://physics.hmc.edu/}},
month = {},
year = {},
note = {(Accessed on 02/21/2022)}
}

@misc{cochelin20197th,
  title={7th International Conference on Nonlinear Vibrations, Localization and Energy Transfer},
  author={Cochelin, Bruno},
  journal={Publications du LMA},
  volume={160},
  year={2019}
}

@article{kerschen2009nonlinear,
  title={Nonlinear normal modes, Part I: A useful framework for the structural dynamicist},
  author={Kerschen, Ga{\"e}tan and Peeters, Maxime and Golinval, Jean-Claude and Vakakis, Alexander F},
  journal={Mechanical systems and signal processing},
  volume={23},
  number={1},
  pages={170--194},
  year={2009},
  publisher={Elsevier}
}

@article{rosenberg1962normal,
  title={The normal modes of nonlinear n-degree-of-freedom systems},
  author={Rosenberg, Reinhardt Mathias},
  year={1962}
}

@article{zhong2019reliability,
  title={A reliability-aware vehicular crowdsensing system for pothole profiling},
  author={Zhong, Weida and Suo, Qiuling and Ma, Fenglong and Hou, Yunfei and Gupta, Abhishek and Qiao, Chunming and Su, Lu},
  journal={Proceedings of the ACM on Interactive, Mobile, Wearable and Ubiquitous Technologies},
  volume={3},
  number={4},
  pages={1--26},
  year={2019},
  publisher={ACM New York, NY, USA}
}

@article{sharma2014isaac,
  title={Isaac Newton, Leonhard Euler and F= ma},
  author={Sharma, Ajay},
  journal={Physics Essays},
  volume={27},
  number={3},
  pages={503--509},
  year={2014},
  publisher={Physics Essays Publication}
}

@book{burden2015numerical,
  title={Numerical analysis},
  author={Burden, Richard L and Faires, J Douglas and Burden, Annette M},
  year={2015},
  publisher={Cengage learning}
}

@article{heydari2016theoretical,
  title={Theoretical and numerical analysis of approximate dynamic programming with approximation errors},
  author={Heydari, Ali},
  journal={Journal of Guidance, Control, and Dynamics},
  volume={39},
  number={2},
  pages={301--311},
  year={2016},
  publisher={American Institute of Aeronautics and Astronautics}
}

@article{cui2018numerical,
  title={Numerical analysis and experimental investigation into the effects of manufacturing errors on the running accuracy of the aerostatic porous spindle},
  author={Cui, Hailong and Wang, Yang and Yue, Xiaobin and Huang, Ming and Wang, Wei and Jiang, Zhengyi},
  journal={Tribology International},
  volume={118},
  pages={20--36},
  year={2018},
  publisher={Elsevier}
}

@article{islam2015accurate,
  title={Accurate solutions of initial value problems for ordinary differential equations with the fourth order Runge Kutta method},
  author={Islam, Md Amirul},
  journal={Journal of Mathematics Research},
  volume={7},
  number={3},
  pages={41},
  year={2015},
  publisher={Citeseer}
}

@article{tan2012general,
  title={On a general formula of fourth order Runge-Kutta method},
  author={Tan, Delin and Chen, Zheng},
  journal={Journal of Mathematical Science \& Mathematics Education},
  volume={7},
  number={2},
  pages={1--10},
  year={2012}
}

@article{mehdi2017using,
  title={Using fourth-order Runge-Kutta method to solve L{\"u} chaotic system},
  author={Mehdi, Sadiq A and Kareem, Rabiha Saleem},
  journal={American Journal of Engineering Research (AJER)},
  volume={6},
  number={1},
  pages={72--77},
  year={2017}
}

@book{tobies2012iris,
  title={Iris Runge: A Life at the Crossroads of Mathematics, Science, and Industry},
  author={Tobies, Renate and Pakis, Valentine A},
  year={2012},
  publisher={Springer}
}

@misc{trefethen2015invented,
  title={Who invented the great numerical algorithms?},
  author={Trefethen, Nick},
  year={2015}
}

@misc{RungeKut7:online,
author = {},
title = {Runge-Kutta 4th Order Method to Solve Differential Equation - GeeksforGeeks},
howpublished = {\url{https://www.geeksforgeeks.org/runge-kutta-4th-order-method-solve-differential-equation/}},
month = {},
year = {},
note = {(Accessed on 02/25/2022)}
}

@misc{FourthOr20:online,
author = {},
title = {Fourth Order Runge-Kutta},
howpublished = {\url{https://lpsa.swarthmore.edu/NumInt/NumIntFourth.html}},
month = {},
year = {},
note = {(Accessed on 02/25/2022)}
}

@article{dontchev2000second,
  title={Second-order Runge--Kutta approximations in control constrained optimal control},
  author={Dontchev, Asen L and Hager, William W and Veliov, Vladimir M},
  journal={SIAM journal on numerical analysis},
  volume={38},
  number={1},
  pages={202--226},
  year={2000},
  publisher={SIAM}
}

@article{hossain2017comparative,
  title={A comparative study on fourth order and butcher’s fifth order runge-kutta methods with third order initial value problem (IVP)},
  author={Hossain, M Babul and Hossain, Md Jahangir and Miah, Md Musa and Alam, Md Shah},
  journal={Appl. Comput. Math},
  volume={6},
  number={6},
  pages={243},
  year={2017}
}

@article{tsai2020design,
  title={Design and control of a 1-DOF robotic lower-limb system driven by novel single pneumatic artificial muscle},
  author={Tsai, Tsung-Chin and Chiang, Mao-Hsiung},
  journal={Applied Sciences},
  volume={10},
  number={1},
  pages={43},
  year={2020},
  publisher={Multidisciplinary Digital Publishing Institute}
}

@article{eiss1964vibration,
  title={Vibration of cams having two degrees of freedom},
  author={Eiss Jr, NS},
  year={1964}
}

@article{cartwright1945non,
  title={On non-linear differential equations of the second order: I},
  author={Cartwright, ML and Littlewood, JE},
  year={1945}
}

@article{kuether2014numerical,
  title={A numerical approach to directly compute nonlinear normal modes of geometrically nonlinear finite element models},
  author={Kuether, Robert J and Allen, Matthew S},
  journal={Mechanical Systems and Signal Processing},
  volume={46},
  number={1},
  pages={1--15},
  year={2014},
  publisher={Elsevier}
}

@article{gigerenzer2011natural,
  title={What are natural frequencies?},
  author={Gigerenzer, Gerd},
  journal={Bmj},
  volume={343},
  year={2011},
  publisher={British Medical Journal Publishing Group}
}

@article{chaudhari2016molecular,
  title={Molecular theory and the effects of solute attractive forces on hydrophobic interactions},
  author={Chaudhari, Mangesh I and Rempe, Susan B and Asthagiri, D and Tan, L and Pratt, LR},
  journal={The Journal of Physical Chemistry B},
  volume={120},
  number={8},
  pages={1864--1870},
  year={2016},
  publisher={ACS Publications}
}

@article{guvench2008comparison,
  title={Comparison of protein force fields for molecular dynamics simulations},
  author={Guvench, Olgun and MacKerell, Alexander D},
  journal={Molecular modeling of proteins},
  pages={63--88},
  year={2008},
  publisher={Springer}
}

@article{ghayesh2012nonlinear,
  title={Nonlinear dynamic response of a simply-supported Kelvin--Voigt viscoelastic beam, additionally supported by a nonlinear spring},
  author={Ghayesh, Mergen H},
  journal={Nonlinear Analysis: Real World Applications},
  volume={13},
  number={3},
  pages={1319--1333},
  year={2012},
  publisher={Elsevier}
}

@article{atkinson2019data,
  title={Data-driven discovery of free-form governing differential equations},
  author={Atkinson, Steven and Subber, Waad and Wang, Liping and Khan, Genghis and Hawi, Philippe and Ghanem, Roger},
  journal={arXiv preprint arXiv:1910.05117},
  year={2019}
}

@book{braun1983differential,
  title={Differential equations and their applications},
  author={Braun, Martin and Golubitsky, Martin},
  volume={1},
  year={1983},
  publisher={Springer}
}

@book{epperson2021introduction,
  title={An introduction to numerical methods and analysis},
  author={Epperson, James F},
  year={2021},
  publisher={John Wiley \& Sons}
}

@misc{JETIRRes28:online,
author = {},
title = {JETIR Research Journal},
howpublished = {\url{https://www.jetir.org/papers/JETIR1904G08.pdf}},
month = {},
year = {},
note = {(Accessed on 05/03/2022)}
}

@article{levitan1960forced,
  title={Forced oscillation of a spring-mass system having combined Coulomb and viscous damping},
  author={Levitan, Edwin S},
  journal={the Journal of the Acoustical Society of America},
  volume={32},
  number={10},
  pages={1265--1269},
  year={1960},
  publisher={Acoustical Society of America}
}
@article{chen2020active,
  title={Active control for acoustic wave propagation in nonlinear diatomic acoustic metamaterials},
  author={Chen, Zhenyu and Zhou, Weijian and Lim, CW},
  journal={International Journal of Non-Linear Mechanics},
  volume={125},
  pages={103535},
  year={2020},
  publisher={Elsevier}
}

@article{lucovsky1970extension,
  title={Extension of a linear diatomic-chain model for the calculation of local-mode frequencies in real crystals},
  author={Lucovsky, Go and Brodsky, MH and Burstein, E},
  journal={Physical Review B},
  volume={2},
  number={8},
  pages={3295},
  year={1970},
  publisher={APS}
}